@article{whittle1954stationary,
  title={On stationary processes in the plane},
  author={Whittle, Peter},
  journal={Biometrika},
  pages={434--449},
  year={1954},
  publisher={JSTOR}
}

@article{miller2020understanding,
  title={Understanding the stochastic partial differential equation approach to smoothing},
  author={Miller, David L and Glennie, Richard and Seaton, Andrew E},
  journal={Journal of Agricultural, Biological and Environmental Statistics},
  volume={25},
  number={1},
  pages={1--16},
  year={2020},
  publisher={Springer}
}

@book{lindgren2010explicit,
  title={An explicit link between Gaussian fields and Gaussian Markov random fields: The SPDE approach},
  author={Lindgren, Finn and Lindstr{\"o}m, Johan and Rue, H{\aa}vard},
  year={2010},
  publisher={Mathematical Statistics, Centre for Mathematical Sciences, Faculty of~â€¦}
}

@book{krainski2018advanced,
  title={Advanced spatial modeling with stochastic partial differential equations using R and INLA},
  author={Krainski, Elias T and G{\'o}mez-Rubio, Virgilio and Bakka, Haakon and Lenzi, Amanda and Castro-Camilo, Daniela and Simpson, Daniel and Lindgren, Finn and Rue, H{\aa}vard},
  year={2018},
  publisher={CRC Press}
}
